@article{Goujet1984b,
author = {Goujet, D.},
journal = {Proc. Linn. Soc. New South Wales},
pages = {211--243},
title = {{Placoderm interrelationships: a new interpretation, with a short review of placoderm classifications}},
volume = {107},
year = {1984}
}

@incollection{Goujet2001,
address = {London},
author = {Goujet, Daniel},
booktitle = {Major events early Vertebr. Evol. Palaeontol. phylogeny, Genet. Dev.},
editor = {Ahlberg, Per Erik},
pages = {209--222},
publisher = {Taylor {\&} Francis},
title = {{Placoderms and basal gnathostome apomorphies}},
year = {2001}
}

@article{goujet2004placoderm,
  title={Placoderm anatomy and phylogeny: new insights},
  author={Goujet, Daniel and Young, Gavin C},
  journal={Recent advances in the origin and early radiation of vertebrates},
  pages={109--126},
  year={2004},
  publisher={M{\"u}nchen: Verlag Dr. Friedrich Pfeil}
}

@article{Dupret2014,
author = {Dupret, Vincent and Sanchez, Sophie and Goujet, Daniel and Tafforeau, Paul and Ahlberg, Per E},
issn = {1476-4687},
journal = {Nature},
month = {mar},
pages = {500--3},
title = {{A primitive placoderm sheds light on the origin of the jawed vertebrate face}},
volume = {507},
year = {2014}
}

@article{Young1985,
author = {Young, G.C.},
journal = {J. Aust. Geol. Geophys.},
pages = {121--131},
title = {{Further petalichthyid remains (placoderm fishes, Early Devonian) from the Taemas-Wee Jasper region, New South Wales}},
volume = {9},
year = {1985}
}

@article{brazeau2009braincase,
  title={The braincase and jaws of a {D}evonian ‘acanthodian’ and modern gnathostome origins},
  author={Brazeau, Martin D},
  journal={Nature},
  volume={457},
  pages={305--308},
  year={2009},
  publisher={Nature Publishing Group}
}

@article{brazeau2014characters,
  title={The characters of Palaeozoic jawed vertebrates},
  author={Brazeau, Martin D and Friedman, Matt},
  journal={Zoological journal of the Linnean Society},
  volume={170},
  number={4},
  pages={779--821},
  year={2014},
  publisher={Wiley Online Library}
}

@article{davis2012,
  title={\textit{Acanthodes} and shark-like conditions in the last common ancestor of modern gnathostomes},
  author={Davis, Samuel P and Finarelli, John A and Coates, Michael I},
  journal={Nature},
  volume={486},
  pages={247--250},
  year={2012},
  publisher={Nature Publishing Group}
}

@article{giles2015osteichthyan,
  title={Osteichthyan-like cranial conditions in an {E}arly {D}evonian stem gnathostome},
  author={Giles, Sam and Friedman, Matt and Brazeau, Martin D},
  journal={Nature},
  volume={520},
  pages={82--85},
  year={2015},
  publisher={Nature Publishing Group}
}

@article{brazeau2015origin,
  title={The origin and early phylogenetic history of jawed vertebrates},
  author={Brazeau, Martin D and Friedman, Matt},
  journal={Nature},
  volume={520},
  pages={490--497},
  year={2015},
  publisher={Nature Publishing Group}
}

@article{zhu2013silurian,
  title={A {S}ilurian placoderm with osteichthyan-like marginal jaw bones},
  author={Zhu, Min and Yu, Xiaobo and Ahlberg, Per Erik and Choo, Brian and Lu, Jing and Qiao, Tuo and Qu, Qingming and Zhao, Wenjin and Jia, Liantao and Blom, Henning and others},
  journal={Nature},
  volume={502},
  pages={188--193},
  year={2013},
  publisher={Nature Publishing Group}
}

@article{long2015copulation,
  title={Copulation in antiarch placoderms and the origin of gnathostome internal fertilization},
  author={Long, John A and Mark-Kurik, Elga and Johanson, Zerina and Lee, Michael SY and Young, Gavin C and Min, Zhu and Ahlberg, Per E and Newman, Michael and Jones, Roger and den Blaauwen, Jan and others},
  journal={Nature},
  volume={517},
  pages={196--199},
  year={2015},
  publisher={Nature Publishing Group}
}

@article{long2009devonian,
  title={Devonian arthrodire embryos and the origin of internal fertilization in vertebrates},
  author={Long, John A and Trinajstic, Kate and Johanson, Zerina},
  journal={Nature},
  volume={457},
  pages={1124--1127},
  year={2009},
  publisher={Nature Publishing Group}
}

@article{Janvier1996a,
author = {Janvier, Philippe},
journal = {Palaeontology},
number = {2},
pages = {259--287},
title = {{The dawn of the vertebrates: characters versus common ascent in the rise of current vertebrate phylogenies}},
volume = {39},
year = {1996}
}

@incollection{Denison1978,
author = {Denison, RH},
booktitle = {Handbook of Paleoichthyology. Vol. 2},
editor = {Schultze, Hans-Peter},
pages = {128},
publisher = {Stuttgart: Gustav Fischer Verlag},
title = {{Placodermi}},
year = {1978}
}

@article{Stensi1963a,
author = {Stensi{\o}, Erik},
journal = {Skriflter Ulgitt Av Det Nor. Videnskaps-Akademi},
number = {13},
pages = {1--120},
title = {{The brain and the cranial nerves in fossil, lower craniate vertebrates}},
year = {1963}
}

@incollection{Zhu1991,
address = {Beijing},
author = {Zhu, Min},
booktitle = {Early Vertebr. Relat. Probl. Evol. Biol.},
editor = {Chang, M.-M. and Liu, Y.-H. and Zhang, G.-R.},
pages = {179--194},
publisher = {Science Press},
title = {New information on \textit{Diandongpetalichthys} (Placodermi: Petalichthyida)},
year = {1991}
}

@article{Stensi1925,
author = {Stensi{\o}, Erik},
journal = {Publ. F. Museum Nat. Hist. Geol. Ser.},
pages = {87--197},
title = {{On the head of \textit{Macropetalichthys}}},
volume = {4},
year = {1925}
}

@incollection{Stensi1969,
address = {Paris},
author = {Stensi{\o}, Erik},
booktitle = {Trait. Pal{\'{e}}ontologie 4},
editor = {Piveteau, J.},
pages = {71--692},
publisher = {Masson},
title = {{Elasmobranchiomorphi Placodermata Arthrodires.}},
year = {1969}
}

@article{Young1980,
author = {Young, Gavin C.},
journal = {Palaeontographica},
number = {A},
pages = {10--76},
title = {{A new {E}arly {D}evonian placoderm from {N}ew {S}outh {W}ales, {A}ustralia, with a discussion of placoderm phylogeny}},
volume = {167},
year = {1980}
}

@book{Goujet1984a,
address = {Paris},
author = {Goujet, Daniel},
pages = {284},
publisher = {{\'{E}}ditions du CNRS.},
title = {{Les Poissons placodermes du Spitsberg. Arthrodires Dolichothoraci de la Formation de Wood Bay (D{\'{e}}vonien inf{\'{e}}rieur).}},
year = {1984}
}

@article{Stensi1963b,
author = {Stensi{\o}, Erik},
journal = {K. Sven. Vetenskapsakademiens Handl.},
pages = {1--419},
title = {{Anatomical studies on the arthrodiran head. Pt 1. Preface, geological and geographical distribution, and organisation of the arthrodires, the anatomy of the head in the Dolichothoraci, Coccosteomorphi and Pachyosteomorphi.}},
volume = {1},
year = {1963}
}

@article{Dennis-Bryan1995,
author = {Dennis-Bryan, K.},
journal = {Bull. du Mus{\'{e}}um Natl. Histoire Nat.},
pages = {127--142},
title = {{Some comments on the placoderm parasphenoid}},
volume = {17},
year = {1995}
}

@article{Gardiner1984a,
author = {Gardiner, B G},
issn = {0007-1471},
journal = {Bull. Br. Museum (Natural Hist.) Geol.},
pages = {173 -- 428},
title = {{The relationships of the palaeoniscid fishes, a review based on new specimens of \textit{Mimia} and \textit{Moythomasia} from the Upper Devonian of Western Australia}},
volume = {37},
year = {1984}
}

@article{Gardiner1984b,
author = {Gardiner, Brian G.},
journal = {J. Vertebr. Paleontol.},
number = {3},
pages = {379--395},
title = {{The Relationship of Placoderms}},
volume = {4},
year = {1984}
}

@article{dupret2010revision,
 author={Dupret, Vincent},
 title={Revision of the genus \textit{Kujdanowiaspis} {S}tensi{\"o}, 1942 ({P}lacodermi, {A}rthrodira,“{A}ctinolepida”) from the {L}ower {D}evonian of {P}odolia ({U}kraine)},
 journal={Geodiversitas},
 volume={32},
number={1},
pages={5--63},
year={2010},
publisher={BioOne}
}

@article{GoujetandYoung1995,
author = {Goujet, D and Young, G C},
doi = {10.1016/s0016-6995(95)80093-x},
issn = {00166995},
journal = {Geobios, Mem. Spec.},
pages = {89--95},
title = {{Interrelationships of placoderms revisited}},
volume = {19},
year = {1995}
}

@article{dupret2004phylogenetic,
  title={The phylogenetic relationships between actinolepids ({P}lacodermi: Arthrodira) and other arthrodires (phlyctaeniids and brachythoracids)},
  author={Dupret, V},
  journal={Fossils and Strata},
  volume={50},
  pages={40--55},
  year={2004}
}

@article{pan2015new,
  title={A new petalichthyid placoderm from the {E}arly {D}evonian of {Y}unnan, {C}hina},
  author={Pan, Zhaohui and Zhu, Min and Zhu, You’an and Jia, Liantao},
  journal={Comptes Rendus Palevol},
  volume={14},
  number={2},
  pages={125--137},
  year={2015},
  publisher={Elsevier}
}

@article{Elliott2010,
author = {Elliott, David K and Carr, Robert K},
journal = {Kirtlandia},
pages = {22--35},
title = {{A new species of \textit{Bryantolepis} Camp, Welles, and Green, 1949 (Placodermi, Arthrodira) from the Early Devonian Water Canyon Formation of Northern Utah and Southern Idaho, with comments on the endocranium}},
volume = {57},
year = {2010}
}

@article{Ritchie,
author = {Ritchie,Alex},
journal = {Palaeontographica},
pages = {58-72},
title = {\textit{Wuttagoonaspis} gen.nov., an unusual arthrodire from the {D}evonian of {W}estern {N}ew {S}outh {W}ales, {A}ustralia},
year = {1973}
}

@article{carr2010two,
  title={Two new species of \textit{Dunkleosteus} {L}ehman, 1956, from the {O}hio {S}hale {F}ormation ({U.S.A.}, {F}amennian) and the {K}ettle {P}oint {F}ormation ({C}anada, {U}pper {D}evonian), and a cladistic analysis of the {E}ubrachythoraci ({P}lacodermi, {A}rthrodira)},
  author={Carr, Robert K and Hlavin, William J},
  journal={Zoological Journal of the Linnean Society},
  volume={159},
  number={1},
  pages={195--222},
  year={2010},
  publisher={Wiley Online Library}
}

@article{Zhu2013,
author = {Zhu, You-An and Zhu, Min},
doi = {10.1111/zoj.12089},
issn = {00244082},
journal = {Zool. J. Linn. Soc.},
month = {dec},
number = {4},
pages = {798--819},
title = {{A redescription of \textit{Kiangyousteus yohii} (Arthrodira: Eubrachythoraci) from the Middle Devonian of China, with remarks on the systematics of the Eubrachythoraci}},
volume = {169},
year = {2013}
}

@article{Zhu1996a,
author = {Zhu, Min and Wang, Junqing},
journal = {Vertebr. Palasiat.},
number = {34},
pages = {253--268},
title = {{A new macropetalichthyid from China, with special reference to the historical zoogeography of the Macropetalichthyidae (Placodermi)}},
volume = {10},
year = {1996}
}

@article{Forey1993,
author = {Forey, Peter L. and Janvier, Philippe},
journal = {Nature},
pages = {129--134},
title = {{Agnathans and the origin of jawed vertebrates}},
volume = {361},
year = {1993}
}

@article{Forey1984,
author = {Forey, Peter L.},
journal = {J. Vertebr. Paleontol.},
number = {3},
pages = {330--343},
title = {{Yet more reflections on Agnatha-gnathostome relationships}},
volume = {4},
year = {1984}
}

@article{Donoghue2000,
author = {Donoghue, P C and Forey, P L and Aldridge, R J},
journal = {Biol. Rev. Camb. Philos. Soc.},
number = {2},
pages = {191--251},
title = {{Conodont affinity and chordate phylogeny.}},
volume = {75},
year = {2000}
}


@article{Janvier2008,
author = {Janvier, Philippe},
issn = {0289-0003},
journal = {Zoolog. Sci.},
month = {oct},
number = {10},
pages = {1045--56},
pmid = {19267641},
title = {{Early jawless vertebrates and cyclostome origins.}},
volume = {25},
year = {2008}
}

@article{Janvier2015,
author = {Janvier, Philippe},
issn = {0028-0836},
journal = {Nature},
pages = {483--489},
title = {{Facts and fancies about early fossil chordates and vertebrates}},
volume = {520},
year = {2015}
}

@article{Gai2011,
author = {Gai, Zhikun and Donoghue, Philip C J and Zhu, Min and Janvier, Philippe and Stampanoni, Marco},
journal = {Nature},
pages = {324--7},
title = {{Fossil jawless fish from China foreshadows early jawed vertebrate anatomy.}},
volume = {476},
year = {2011}
}

@article{Rucklin2012,
author = {R{\"{u}}cklin, Martin and Donoghue, Philip C J and Johanson, Zerina and Trinajstic, Kate and Marone, Federica and Stampanoni, Marco},
issn = {1476-4687},
journal = {Nature},
month = {nov},
pages = {748--51},
title = {{Development of teeth and jaws in the earliest jawed vertebrates.}},
volume = {491},
year = {2012}
}

@article{Denison1975,
author = {Denison, RH},
journal = {Breviora},
pages = {1--24},
title = {{Evolution and classification of placoderm fishes}},
volume = {432},
year = {1975}
}

@article{Donoghue2001,
author = {Donoghue, Philip C. J. and Smith, M. Paul},
journal = {Trans. R. Soc. Edinb. Earth Sci.},
pages = {15--37},
title = {{The anatomy of \textit{Turinia pagei} (Powrie), and the phylogenetic status of the Thelodonti}},
volume = {92},
year = {2001}
}

@article{Donoghue2006,
author = {Donoghue, Philip C. J. and Sansom, Ivan James and Downs, Philip Jason},
journal = {J. Exp. Zool.},
number = {B},
pages = {278--294},
title = {{Early Evolution of Vertebrate Skeletal Tissues and Cellular Interactions , and the Canalization of Skeletal Development}},
volume = {306},
year = {2006}
}

@article{Stensi1950,
address = {Paris},
author = {Stensi{\o}, Erik},
edition = {La cavite},
journal = {Colloq. Int. du Cent. Natl. la Rech. Sci. Paris},
pages = {9--41},
title = {{La cavite labyrinthique, l’ ossification sclerotique et l’ orbite de \textit{Jagorina}.}},
volume = {21},
year = {1950}
}

@article{Coates2001,
author = {Coates, M.I. and Sequeira, S.E.K.},
journal = {J. Vertebr. Paleontol.},
number = {3},
pages = {438--459},
title = {{A new stethacanthid chondrichthyan from the Lower Carboniferous of Bearsden, Scotland}},
volume = {21},
year = {2001}
}

@article{Zhu2002,
author = {Zhu, Min and Yu, Xiaobo},
journal = {Nature},
pages = {767--770},
title = {{A primitive fish close to the common ancestor of tetrapods and lungfish.}},
volume = {418},
year = {2002}
}

@article{Zhu2009,
author = {Zhu, Min and Zhao, Wenjin and Jia, Liantao and Lu, Jing and Qiao, Tuo and Qu, Qingming},
issn = {1476-4687},
journal = {Nature},
pages = {469--74},
publisher = {Nature Publishing Group},
title = {{The oldest articulated osteichthyan reveals mosaic gnathostome characters.}},
volume = {458},
year = {2009}
}

@article{Gross1959,
author = {Gross, W.},
journal = {Palaeontolographica},
number = {A},
pages = {1--35},
title = {{Arthrodiren aus dem Obersilur der Prager Mulde}},
volume = {113},
year = {1959}
}

@article{Young1986,
author = {Young, G. C.},
journal = {Zool. J. Linn. Soc.},
keywords = {-placoderms},
month = {sep},
number = {1},
pages = {1--57},
title = {{The relationships of placoderm fishes}},
volume = {88},
year = {1986}
}

@article{Young1978,
author = {Young, G.C.},
journal = {Alcheringa An Australas. J. Palaeontol.},
month = {jan},
number = {2},
pages = {103--116},
title = {{A new Early Devonian petalichthyid fish from the Taemas/Wee Jasper region of New South Wales}},
volume = {2},
year = {1978}
}

@article{Goujet1985,
author = {Goujet, Daniel and Janvier, Philippe and Suarez-Riglos, M.},
journal = {Ann. Pal{\'{e}}ontologie},
pages = {35--53},
title = {{Un nouveau rh{\'{e}}nanide (Vertebrata, Placodermi) de la Formation Bel{\'{e}}n (D{\'{e}}vonien moyen), Bolivie.}},
volume = {71},
year = {1985}
}

@article{lelievre1995,
  title={\textit{Nefudina qalibahensis} nov. gen., nov. sp. un rhenanide ({V}ertebrata, {P}lacodermi) du {D}{\'e}vonien inf{\'e}rieur de la {F}ormation {J}auf ({E}msien) d'{A}rabie {S}aoudite},
  author={Leli{\`e}vre, Herv{\'e} and Janvier, Philippe and Janjou, Dominique and Halawani, Mohammed},
  journal={Geobios},
  volume={28},
  pages={109--115},
  year={1995},
  publisher={Elsevier}
}

@article{Long1997,
author = {Long, John A.},
journal = {Geodiversitas},
number = {3},
pages = {515--555},
title = {{Ptyctodontid fishes (Vertebrata, Placodermi) from the Late Devonian Gogo Formation, WesternAustralia,with a revision of the European genus Ctenurella {\O}rvig, 1960}},
volume = {19},
year = {1997}
}

@article{Ørvig1957,
author = {{\O}rvig, Tor},
journal = {Nor. Geol. Tidsskr.},
number = {3-4},
pages = {285--353},
title = {{Notes on some Paleozoic lower vertebrates from Spitsbergen and North America}},
volume = {37},
year = {1957}
}

@article{Trinajstic2012,
author = {Trinajstic, Kate and Long, John A. and Johanson, Zerina and Young, Gavin C. and Senden, Tim},
journal = {J. Vertebr. Paleontol.},
number = {4},
pages = {757--780},
title = {{New morphological information on the ptyctodontid fishes (Placodermi, Ptyctodontida) from Western Australia}},
volume = {32},
year = {2012},
}

@article{Toombs1948,
author = {Toombs, H.A.},
journal = {Museum Journal, London},
pages = {54--55},
title = {{The use of acetic acid in the development of vertebrate fossils}},
volume = {48},
year = {1948},
}

@article{Toombs1959,
author = {Toombs, H.A. and Rixon, A.E.},
journal = {Curator Museum J.},
number = {3},
pages = {304--312},
title = {{The use of acids in the preparation of vertebrate fossils}},
volume = {2},
year = {1959},
}

@book{Janvier1996,
author = {Janvier, Philippe},
publisher = {Oxford: Clarendon Press},
title = {{Early Vertebrates}},
year = {1996}
}

@book{Janvier1985,
address = {Paris},
author = {Janvier, Philippe},
edition = {Cahiers de},
pages = {244},
publisher = {{\'{E}}ditions du CNRS.},
title = {{Les c{\'{e}}phalaspides du Spitsberg}},
year = {1985}
}

@article{Nieuwenhuys1977,
author = {Nieuwenhuys, Rudolf},
journal = {Ann. N. Y. Acad. Sci.},
pages = {97--145},
title = {{The brain of the lamprey in a comparative perspective}},
volume = {299},
year = {1977}
}

@article{Pradel2010,
author = {Pradel, Alan},
journal = {Geodiversitas},
number = {4},
pages = {595--661},
title = {{Skull and brain anatomy of Late Carboniferous Sibyrhynchidae skull and brain anatomy of Late Carboniferous Sibyrhynchidae (Chondrichthyes, Iniopterygia) from Kansas and Oklahoma (USA)}},
volume = {32},
year = {2010}
}

@article{Kjaer1915,
address = {Kristiana},
author = {Ki{\ae}r, Johan},
journal = {Rep. Second Nor. Arct. Exped. "Fram" 1898-1902},
publisher = {N.Vid. Akad},
series = {Report of the Second Norwegian Arctic expedition in the "Fram" 1898-1902.,},
title = {{Upper Devonian fish remains from Ellesmere Land, with remarks on \textit{Drepanaspis}.}},
volume = {33},
year = {1915}
}

@article{MCoy1848,
author = {M'Coy, F.},
journal = {Ann. Mag. Nat. Hist.},
pages = {1--10},
title = {{On some new fossil fish of the Carboniferous period}},
volume = {2},
year = {1848}
}

@article{Miles1967,
author = {Miles, R.S.},
journal = {J. Linn. Soc.},
pages = {99--120},
title = {{Observations on the ptyctodont fish, \textit{Rhamphodopsis} Watson}},
volume = {47},
year = {1967}
}

@book{Moy-Thomas1971,
address = {London},
author = {Moy-Thomas, J.A. and Miles, R.S.},
pages = {259},
publisher = {Chapman {\&} Hall},
title = {{Palaeozoic Fishes. 2nd Edition}},
year = {1971}
}

@incollection{Miles1977,
author = {Miles, M.S. and Young, Gavin C.},
booktitle = {Probl. Vertebr. Evol.},
editor = {Andrews, S.M. and Miles, R.S. and Walker, A.D.},
pages = {123--198},
publisher = {London: Academic Press},
title = {{Placoderm interrelationships reconsidered in the light of new ptyctodontids from Gogo Western Australia}},
year = {1977}
}

@book{Jarvik1980,
author = {Jarvik, Erik},
pages = {576},
publisher = {London: Academic Press},
title = {{Basic structure and evolution of vertebrates}},
year = {1980}
}

@article{Goujet1982,
author = {Goujet, Daniel},
journal = {Geobios M{\'{e}}moire Sp{\'{e}}cial},
pages = {27--38},
title = {{Les affinit{\'{e}}s des placodermes, une revue des hypoth{\`{e}}ses actuelles.}},
volume = {6},
year = {1982}
}

@article{Young2008a,
author = {Young, Gavin C},
journal = {J. Vertebr. Paleontol.},
number = {3},
pages = {626--636},
title = {{The relationships of antiarchs (Devonian placoderm fishes) - evidence supporting placoderm monophyly}},
volume = {28},
year = {2008}
}

@article{Young2009,
author = {Young, Gavin C.},
journal = {Acta Zool.},
month = {may},
pages = {69--82},
title = {{New arthrodires (Family Williamsaspididae) from Wee Jasper, New South Wales (Early Devonian), with comments on placoderm morphology and palaeoecology}},
volume = {90},
year = {2009}
}

@article{Young2010,
author = {Young, Gavin C.},
issn = {0084-6597},
journal = {Annu. Rev. Earth Planet. Sci.},
number = {1},
pages = {523--550},
title = {{Placoderms (Armored Fish): Dominant Vertebrates of the Devonian Period}},
volume = {38},
year = {2010}
}

@article{Norwood1846,
author = {Norwood, J.G. and Owen, D.D.},
journal = {Am. J. Sci.},
pages = {367--371},
title = {{Description of a new fossil fish from the Palaeozoic rocks of Indiana}},
volume = {51},
year = {1846}
}

@article{broili1929,
author = {Broili, Ferdinand},
title = {Acanthaspiden aus dem rheinischen Unterdevon},
Journal= {Silzungsberichle der malhemalisch nalurwissenschaflliche Ableilung der bayerischen Akademie der Wissenschajlen Zu Miinchen},
pages = {143--163},
volume = {2},
year = {1929}
}

@article{Woodward1941,
author = {Woodward, A.S.},
journal = {Ann. Mag. Nat. Hist.},
pages = {91--96},
title = {{The head shield of a new macropetalichthyids (\textit{Notopetalichthys hillsi}, gen. et sp. nov.) from the Midlle Devonian of Australia}},
volume = {8},
year = {1941}
}

@article{obruchev1964class,
  title={Class Placodermi},
  author={Obruchev, DV},
  journal={Fundamentals of palaeontology},
  volume={11},
  pages={118--174},
  year={1964}
}

@article{Liu1973,
author = {Liu, Y{\"{u}}-hai},
journal = {Vertebr. Palasiat.},
number = {2},
pages = {132--143},
title = {{On the New Forms of Polybranchiaspiformes and Petalichthyida from Devonian of South-west China.}},
volume = {11},
year = {1973}
}

@article{p1975lower,
  title={The {L}ower {D}evonian {A}gnatha and {P}isces from {S}outh {C}hina},
  author={P’an, K and Wang, ST and Liu, YP},
  journal={Prof Pap Stratigr Paleont,(1)},
  pages={135--169},
  year={1975}
}

@incollection{p1978devonian,
  title={Devonian {A}gnatha and {P}isces of {S}outh {C}hina},
  author={P’an, K and Wang, ST},
  booktitle={Symposium on the Devonian System of South China.},
editor = {Institute of Mineral Resources, Chinese Academy of Geological Sciences (Eds.)},
  pages={298--333},
  publisher = {Geological Press, Beijing},
  year={1978}
}

@incollection{wang1988,
  title={Vertebrate Paleontology},
  author={Wang, ST},
  booktitle={Devonian Stratigraphy; Paleontology and Sedimentary Facies of Longmenshan; Sichuan},
editor = {Hou, HF (Eds.)},
  pages={339--345},
  publisher={Geological Press, Beijing},
  year={1988}
}

@incollection{Liu1991,
author = {Liu, Y.H.},
booktitle = {Early Vertebr. Relat. Probl. Evol. Biol.},
editor = {Chang, M.M. and Liu, Y.H. and Zhang, G.R},
pages = {139--177},
publisher = {Science Press, Beijing},
title = {{On a new petalichthyid, \textit{Eurycaraspis incilis} gen. et sp. nov., from the Middle Devonian of Zhanyi, Yunnan.}},
year = {1991}
}

@article{Ji1996,
  title={The biostratigraphy of petalichthyids ({P}lacodermi) in {C}hina},
  author={Ji,S},
  journal={Journal of Stratigraphy},
  volume={20},
  pages={161--164},
  year={1996}
}

@article{Vietnam,
  title={Les vert{\'e}br{\'e}s (Placodermi, Galeaspida) du D{\'e}vonien inf{\'e}rieur de la coupe de Lung C{\^o}-Mia L{\'e}, province de H{\`a} Giang, Vi{\^e}t Nam, avec des donn{\'e}es compl{\'e}mentaires sur les gisements {\`a} vert{\'e}br{\'e}s du D{\'e}vonien du Bac Bo oriental},
  author={Janvier, P and Phuong, TH},
  journal={Geodiversitas},
  volume={21},
  number={1},
  pages={33--67},
  year={1999},
  publisher={Editions scientifiques du Mus{\'e}um}
}

@article{Zhu2000,
author = {Zhu, M.},
keywords = {bio-events,china,devonian,vertebrates},
pages = {373--390},
title = {{Catalogue of Devonian vertebrates in China, with notes on bio-events}},
volume = {223},
year = {2000}
}

@article{Wang2010,
author = {Wang, Wei and Qu, Qing-Ming and Zhu, Min},
issn = {1871174X},
journal = {Palaeoworld},
number = {1-2},
pages = {27--36},
title = {{A brief review of the Middle Palaeozoic vertebrates from Southeast Asia}},
volume = {19},
year = {2010}
}

@article{Long1984,
author = {Long, John A},
journal = {Proc. Linn. Soc. New South Wales},
number = {3},
pages = {263--308},
title = {{New Phyllolepids from Victoria and the Relationships of the Group}},
volume = {107},
year = {1984}
}

@article{Forey1986a,
author = {Forey, Peter L and Gardiner, Brian G},
keywords = {--ptyctodontida - jaw suspension,classification - cladistics -,devonian},
pages = {43--74},
title = {{Observations on \textit{Ctenurella} (Ptyctodontida) and the classification of placoderm fishes}},
volume = {82},
year = {1986}
}

@article{Gardiner1990,
author = {Gardiner, B. G. and Miles, R. S.},
journal = {Zool. J. Linn. Soc.},
month = {jun},
number = {2},
pages = {159--204},
title = {{A new genus of eubrachythoracid arthrodire from Gogo, Western Australia}},
volume = {99},
year = {1990}
}

@article{Young1979,
author = {Young, G.C.},
journal = {Zool. J. Linn. Soc.},
pages = {309--352},
title = {{New information on the structure and relationships of \textit{Buchanosteus} (Placodermi : Euarthrodira) from the Early Devonian of New South Wales}},
volume = {66},
year = {1979}
}

@article{giles2014virtual,
  title={Virtual reconstruction of endocast anatomy in early ray-finned fishes (Osteichthyes, Actinopterygii)},
  author={Giles, Sam and Friedman, Matt},
  journal={Journal of Paleontology},
  volume={88},
  number={4},
  pages={636--651},
  year={2014},
  publisher={BioOne}
}

@article{sollas1904method,
  title={A method for the investigation of fossils by serial sections},
  author={Sollas, WJ},
  journal={Philosophical Transactions of the Royal Society of London. Series B, Containing Papers of a Biological Character},
  volume={196},
  pages={259--265},
  year={1904},
  publisher={JSTOR}
}

@article{Dupret2007,
author = {Dupret, V. and Zhu, M.},
journal = {Geol. Mag.},
keywords = {China,Devonian,Placodermi,biostra,biostratigraphy,china,devonian,palaeobiogeography,phyllolepids,placodermi},
month = {nov},
number = {02},
pages = {257--278},
title = {{The earliest phyllolepid (Placodermi, Arthrodira) from the Late Lochkovian (Early Devonian) of Yunnan (South China)}},
volume = {145},
year = {2007}
}

@article {Sollas201,
author = {Sollas, Igerna B. J. and Sollas, W. J.},
title = {A Study of the Skull of a Dicynodon by means of Serial Sections},
volume = {204},
number = {303-312},
pages = {201--225},
year = {1914},
publisher = {The Royal Society},
journal = {Philosophical Transactions of the Royal Society of London B: Biological Sciences}
}

@article{Dupret2009,
author = {Dupret, Vincent and Zhu, Min and Wang, Jun-Qing},
journal = {Zool. J. Linn. Soc.},
month = {sep},
number = {1},
pages = {70--82},
title = {{The morphology of \textit{Yujiangolepis liujingensis} (Placodermi, Arthrodira) and its phylogenetic significance}},
volume = {157},
year = {2009}
}

@article{Olive2011,
author = {Olive, S{\'{e}}bastien and Goujet, Daniel and Leli{\`{e}}vre, Herv{\'{e}} and Janjou, Dominique},
journal = {Geodiversitas},
number = {3},
pages = {393--409},
title = {{A new Placoderm fish (Acanthothoraci) from the Early Devonian Jauf Formation (Saudi Arabia)}},
volume = {33},
year = {2011}
}

@article{maisey2007braincase,
  title={The braincase in Paleozoic symmoriiform and cladoselachian sharks},
  author={Maisey, John G},
  journal={Bulletin of the American Museum of Natural History},
  pages={1--122},
  year={2007},
  publisher={BioOne}
}

@article{Maisey2005,
author = {Maisey, John},
journal = {Bull. Am. Museum Nat. Hist.},
number = {288},
pages = {1--103},
title = {{Braincase of \textit{Cladodoides wildungensis}, with observations of braincase in early chondrichthyans.}},
volume = {2},
year = {2005}
}